<?xml version="1.0" encoding="UTF-8"?>
<record xmlns="http://www.loc.gov/MARC21/slim" xmlns:xsi="http://www.w3.org/2001/XMLSchema-instance" xsi:schemaLocation="http://www.loc.gov/MARC21/slim http://www.loc.gov/standards/marcxml/schema/MARC21slim.xsd">
<leader>00000cam a22      i 4500</leader>
<controlfield tag="001">001677830</controlfield>
<controlfield tag="003">NNU</controlfield>
<controlfield tag="005">20160114161831.0</controlfield>
<controlfield tag="008">940302s1948    ua       b    000 0 ara d</controlfield>
<datafield tag="035" ind1=" " ind2=" ">
<subfield code="a">(OCoLC)122984614</subfield>
<subfield code="z">(OCoLC)226970425</subfield>
</datafield>
<datafield tag="040" ind1=" " ind2=" ">
<subfield code="a">ZCU</subfield>
<subfield code="b">eng</subfield>
<subfield code="c">ZCU</subfield>
<subfield code="d">EMI</subfield>
<subfield code="d">DOS</subfield>
<subfield code="d">OCLCF</subfield>
<subfield code="d">OCLCO</subfield>
<subfield code="d">OCLCQ</subfield>
<subfield code="d">OCLCO</subfield>
<subfield code="d">OCL</subfield>
<subfield code="d">NNU</subfield>
</datafield>
<datafield tag="043" ind1=" " ind2=" ">
<subfield code="a">ma-----</subfield>
</datafield>
<datafield tag="050" ind1=" " ind2="4">
<subfield code="a">DS63</subfield>
<subfield code="b">.G43 1948</subfield>
</datafield>
<datafield tag="100" ind1="1" ind2=" ">
<subfield code="6">880-01</subfield>
<subfield code="a">Ghālī, Kamāl.</subfield>
</datafield>
<datafield tag="245" ind1="1" ind2="0">
<subfield code="6">880-02</subfield>
<subfield code="a">Mīthāq Jamiʻat al-Duwal al-ʻArabīyah :</subfield>
<subfield code="b">dirāsah taḥlīlīyah muqārinah fī al-qānūn al-dawlī /</subfield>
<subfield code="c">taʼlīf Doktōr Kamāl al-Ghālī.</subfield>
</datafield>
<datafield tag="260" ind1=" " ind2=" ">
<subfield code="6">880-03</subfield>
<subfield code="a">[al-Qāhirah] :</subfield>
<subfield code="b">Maṭbaʻat Nahḍat Miṣr,</subfield>
<subfield code="c">1948.</subfield>
</datafield>
<datafield tag="300" ind1=" " ind2=" ">
<subfield code="a">270, [2] pages ;</subfield>
<subfield code="c">24 cm</subfield>
</datafield>
<datafield tag="336" ind1=" " ind2=" ">
<subfield code="a">text</subfield>
<subfield code="b">txt</subfield>
<subfield code="2">rdacontent</subfield>
</datafield>
<datafield tag="337" ind1=" " ind2=" ">
<subfield code="a">unmediated</subfield>
<subfield code="b">n</subfield>
<subfield code="2">rdamedia</subfield>
</datafield>
<datafield tag="338" ind1=" " ind2=" ">
<subfield code="a">volume</subfield>
<subfield code="b">nc</subfield>
<subfield code="2">rdacarrier</subfield>
</datafield>
<datafield tag="504" ind1=" " ind2=" ">
<subfield code="a">Includes bibliographical references (pages 263-267).</subfield>
</datafield>
<datafield tag="610" ind1="2" ind2="0">
<subfield code="a">League of Arab States</subfield>
<subfield code="v">Charters.</subfield>
</datafield>
<datafield tag="610" ind1="2" ind2="4">
<subfield code="a">League of Arab States</subfield>
<subfield code="x">Charter.</subfield>
</datafield>
<datafield tag="610" ind1="2" ind2="7">
<subfield code="a">League of Arab States.</subfield>
<subfield code="2">fast</subfield>
<subfield code="0">(OCoLC)fst00540088</subfield>
</datafield>
<datafield tag="655" ind1=" " ind2="7">
<subfield code="a">Charters and articles of incorporation.</subfield>
<subfield code="2">fast</subfield>
<subfield code="0">(OCoLC)fst01774239</subfield>
</datafield>
<datafield tag="880" ind1="1" ind2=" ">
<subfield code="6">100-01/</subfield>
<subfield code="a">غالي، كمال.</subfield>
</datafield>
<datafield tag="880" ind1="1" ind2="0">
<subfield code="6">245-02/</subfield>
<subfield code="a">ميثاق جامعة الدول العربية :</subfield>
<subfield code="b">دراسة تحليلية مقارنة في القانون الدولي /</subfield>
<subfield code="c">تأليف دكتور كمال الغالي.</subfield>
</datafield>
<datafield tag="880" ind1=" " ind2=" ">
<subfield code="6">260-03/</subfield>
<subfield code="a">[القاهرة] :</subfield>
<subfield code="b">مطبعة نهضة مصر،</subfield>
<subfield code="c">1948.</subfield>
</datafield>
<datafield tag="OWN" ind1=" " ind2=" ">
<subfield code="a">GENERAL</subfield>
</datafield>
<datafield tag="AVA" ind1=" " ind2=" ">
<subfield code="a">NYU50</subfield>
<subfield code="b">BOBST</subfield>
<subfield code="c">Main Collection</subfield>
<subfield code="d">DS36.2 .G43</subfield>
<subfield code="e">unavailable</subfield>
<subfield code="t">Unavailable</subfield>
<subfield code="f">1</subfield>
<subfield code="g">1</subfield>
<subfield code="h">N</subfield>
<subfield code="i">0</subfield>
<subfield code="j">MAIN</subfield>
<subfield code="k">0</subfield>
</datafield>
</record>
